@article{extrees,
year={2006},
issn={0885-6125},
journal={Machine Learning},
volume={63},
number={1},
doi={10.1007/s10994-006-6226-1},
title={Extremely randomized trees},
url={http://dx.doi.org/10.1007/s10994-006-6226-1},
publisher={Kluwer Academic Publishers},
keywords={Supervised learning; Decision and regression trees; Ensemble methods; Cut-point randomization; Bias/variance tradeoff; Kernel-based models},
author={Geurts, Pierre and Ernst, Damien and Wehenkel, Louis},
pages={3-42},
language={English}
}
